%bibtex entries


% Exported from IEEE Xplore
@INPROCEEDINGS{Servant1,
author={Servant, F.},
booktitle={Automated Software Engineering (ASE), 2013 IEEE/ACM 28th International Conference on},
title={Supporting bug investigation using history analysis},
year={2013},
month={Nov},
pages={754-757},
keywords={program debugging;program diagnostics;automated technique;bug investigation support;bug-fixing process;history analysis;source code;Computer bugs;Conferences;Debugging;History;Software;Software engineering;Visualization},
doi={10.1109/ASE.2013.6693150},}

@inproceedings{Abreu:2009:SMF:1747491.1747511,
 author = {Abreu, Rui and Zoeteweij, Peter and Gemund, Arjan J. C.  van},
 title = {Spectrum-Based Multiple Fault Localization},
 booktitle = {Proceedings of the 2009 IEEE/ACM International Conference on Automated Software Engineering},
 series = {ASE '09},
 year = {2009},
 isbn = {978-0-7695-3891-4},
 pages = {88--99},
 numpages = {12},
 url = {http://dx.doi.org/10.1109/ASE.2009.25},
 doi = {10.1109/ASE.2009.25},
 acmid = {1747511},
 publisher = {IEEE Computer Society},
 address = {Washington, DC, USA},
 keywords = {Software fault diagnosis, program spectra, statistical and reasoning approaches},
}

% Exported from IEEExplore
@ARTICLE{859533,
author={Graves, T.L. and Karr, A.F. and Marron, J.S. and Siy, H.},
journal={Software Engineering, IEEE Transactions on},
title={Predicting fault incidence using software change history},
year={2000},
month={Jul},
volume={26},
number={7},
pages={653-661},
keywords={management of change;software fault tolerance;software maintenance;software metrics;change history;change management data;code decay;fault incidence;fault potential;metrics;software change history;statistical analysis;Aging;Degradation;History;Length measurement;Predictive models;Software development management;Software measurement;Software systems;Statistical analysis;Time measurement},
doi={10.1109/32.859533},
ISSN={0098-5589},}

% Reference exported from ACM
@inproceedings{Zimmermann:2007:PDE:1268984.1269057,
 author = {Zimmermann, Thomas and Premraj, Rahul and Zeller, Andreas},
 title = {Predicting Defects for Eclipse},
 booktitle = {Proceedings of the Third International Workshop on Predictor Models in Software Engineering},
 series = {PROMISE '07},
 year = {2007},
 isbn = {0-7695-2954-2},
 pages = {9--},
 url = {http://dx.doi.org/10.1109/PROMISE.2007.10},
 doi = {10.1109/PROMISE.2007.10},
 acmid = {1269057},
 publisher = {IEEE Computer Society},
 address = {Washington, DC, USA},
}

% Exported from ACM
@inproceedings{Moser:2008:CAE:1368088.1368114,
 author = {Moser, Raimund and Pedrycz, Witold and Succi, Giancarlo},
 title = {A Comparative Analysis of the Efficiency of Change Metrics and Static Code Attributes for Defect Prediction},
 booktitle = {Proceedings of the 30th International Conference on Software Engineering},
 series = {ICSE '08},
 year = {2008},
 isbn = {978-1-60558-079-1},
 location = {Leipzig, Germany},
 pages = {181--190},
 numpages = {10},
 url = {http://doi.acm.org/10.1145/1368088.1368114},
 doi = {10.1145/1368088.1368114},
 acmid = {1368114},
 publisher = {ACM},
 address = {New York, NY, USA},
 keywords = {cost-sensitive classification, defect prediction, software metrics},
}

% Reference exported from ACM
@article{D'Ambros:2012:EDP:2318097.2318149,
 author = {D'Ambros, Marco and Lanza, Michele and Robbes, Romain},
 title = {Evaluating Defect Prediction Approaches: A Benchmark and an Extensive Comparison},
 journal = {Empirical Softw. Engg.},
 issue_date = {August    2012},
 volume = {17},
 number = {4-5},
 month = aug,
 year = {2012},
 issn = {1382-3256},
 pages = {531--577},
 numpages = {47},
 url = {http://dx.doi.org/10.1007/s10664-011-9173-9},
 doi = {10.1007/s10664-011-9173-9},
 acmid = {2318149},
 publisher = {Kluwer Academic Publishers},
 address = {Hingham, MA, USA},
 keywords = {Change metrics, Defect prediction, Source code metrics},
}

% Reference exported from ACM
@inproceedings{Chris2013,
 author = {Lewis, Chris and Lin, Zhongpeng and Sadowski, Caitlin and Zhu, Xiaoyan and Ou, Rong and Whitehead Jr., E. James},
 title = {Does Bug Prediction Support Human Developers? Findings from a Google Case Study},
 booktitle = {Proceedings of the 2013 International Conference on Software Engineering},
 series = {ICSE '13},
 year = {2013},
 isbn = {978-1-4673-3076-3},
 location = {San Francisco, CA, USA},
 pages = {372--381},
 numpages = {10},
 url = {http://dl.acm.org/citation.cfm?id=2486788.2486838},
 acmid = {2486838},
 publisher = {IEEE Press},
 address = {Piscataway, NJ, USA},
}
