% Reference exported from ACM
@article{ChaddC.WilliamsandJeffreyK.Hollingsworth2005,
    author = {Williams, Chadd C. and Hollingsworth, Jeffrey K.},
    title = {Automatic Mining of Source Code Repositories to Improve Bug Finding Techniques},
    journal = {IEEE Trans. Softw. Eng.},
    issue_date = {June 2005},
    volume = {31},
    number = {6},
    month = jun,
    year = {2005},
    issn = {0098-5589},
    pages = {466--480},
    numpages = {15},
    url = {http://dx.doi.org/10.1109/TSE.2005.63},
    doi = {10.1109/TSE.2005.63},
    acmid = {1080068},
    publisher = {IEEE Press},
    address = {Piscataway, NJ, USA},
    keywords = {Index Terms- Testing tools, Index Terms- Testing tools, version control, configuration control, debugging aids., configuration control, debugging aids., version control}
}

% Reference exported from ACM
@inproceedings{Chris2013,
 author = {Lewis, Chris and Lin, Zhongpeng and Sadowski, Caitlin and Zhu, Xiaoyan and Ou, Rong and Whitehead Jr., E. James},
 title = {Does Bug Prediction Support Human Developers? Findings from a Google Case Study},
 booktitle = {Proceedings of the 2013 International Conference on Software Engineering},
 series = {ICSE '13},
 year = {2013},
 isbn = {978-1-4673-3076-3},
 location = {San Francisco, CA, USA},
 pages = {372--381},
 numpages = {10},
 url = {http://dl.acm.org/citation.cfm?id=2486788.2486838},
 acmid = {2486838},
 publisher = {IEEE Press},
 address = {Piscataway, NJ, USA},
}

% Reference exported from ACM
@inproceedings{Sadowski2011,
 author = {Sadowski, Caitlin and Lewis, Chris and Lin, Zhongpeng and Zhu, Xiaoyan and Whitehead,Jr., E. James},
 title = {An Empirical Analysis of the FixCache Algorithm},
 booktitle = {Proceedings of the 8th Working Conference on Mining Software Repositories},
 series = {MSR '11},
 year = {2011},
 isbn = {978-1-4503-0574-7},
 location = {Waikiki, Honolulu, HI, USA},
 pages = {219--222},
 numpages = {4},
 url = {http://doi.acm.org/10.1145/1985441.1985475},
 doi = {10.1145/1985441.1985475},
 acmid = {1985475},
 publisher = {ACM},
 address = {New York, NY, USA},
 keywords = {fixcache, software bug prediction},
}

% Reference exported from ACM
@inproceedings{Kim:2007:PFC:1248820.1248881,
 author = {Kim, Sunghun and Zimmermann, Thomas and Whitehead Jr., E. James and Zeller, Andreas},
 title = {Predicting Faults from Cached History},
 booktitle = {Proceedings of the 29th International Conference on Software Engineering},
 series = {ICSE '07},
 year = {2007},
 isbn = {0-7695-2828-7},
 pages = {489--498},
 numpages = {10},
 url = {http://dx.doi.org/10.1109/ICSE.2007.66},
 doi = {10.1109/ICSE.2007.66},
 acmid = {1248881},
 publisher = {IEEE Computer Society},
 address = {Washington, DC, USA},
}

% Reference exported from ACM
@article{Kim2008,
 author = {Kim, Sunghun and Whitehead,Jr., E. James and Zhang, Yi},
 title = {Classifying Software Changes: Clean or Buggy?},
 journal = {IEEE Trans. Softw. Eng.},
 issue_date = {March 2008},
 volume = {34},
 number = {2},
 month = mar,
 year = {2008},
 issn = {0098-5589},
 pages = {181--196},
 numpages = {16},
 url = {http://dx.doi.org/10.1109/TSE.2007.70773},
 doi = {10.1109/TSE.2007.70773},
 acmid = {1399451},
 publisher = {IEEE Press},
 address = {Piscataway, NJ, USA},
 keywords = {Clustering, Configuration Management, Data mining, Metrics/Measurement, Software maintenance, Software maintenance, Metrics/Measurement, Clustering, classification, and association rules, Configuration Management, Data mining, and association rules, classification},
}

% Exported from Google Schoolar
@article{Perez2004,
  title={A Survey on Fault Localization Techniques},
  author={Perez, Alexandre and Abreu, Rui and Wong, Eric},
  year={2014},
  note={Technical report}
}


% Reference exported from ACM
@inproceedings{Mayer2008,
 author = {Mayer, W. and Stumptner, M.},
 title = {Evaluating Models for Model-Based Debugging},
 booktitle = {Proceedings of the 2008 23rd IEEE/ACM International Conference on Automated Software Engineering},
 series = {ASE '08},
 year = {2008},
 isbn = {978-1-4244-2187-9},
 pages = {128--137},
 numpages = {10},
 url = {http://dx.doi.org/10.1109/ASE.2008.23},
 doi = {10.1109/ASE.2008.23},
 acmid = {1642950},
 publisher = {IEEE Computer Society},
 address = {Washington, DC, USA},
 keywords = {automated program generation, model-based automatic debugging strategy, source code, program defect location},
}

% Reference exported from ACM
@inproceedings{Hemmati2013,
 author = {Hemmati, Hadi and Nadi, Sarah and Baysal, Olga and Kononenko, Oleksii and Wang, Wei and Holmes, Reid and Godfrey, Michael W.},
 title = {The {M}{S}{R} Cookbook: Mining a Decade of Research},
 booktitle = {Proceedings of the 10th Working Conference on Mining Software Repositories},
 series = {MSR '13},
 year = {2013},
 isbn = {978-1-4673-2936-1},
 location = {San Francisco, CA, USA},
 pages = {343--352},
 numpages = {10},
 url = {http://dl.acm.org/citation.cfm?id=2487085.2487150},
 acmid = {2487150},
 publisher = {IEEE Press},
 address = {Piscataway, NJ, USA},
}

% Reference exported from ACM
@inproceedings{Servant,
 author = {Servant, Francisco and Jones, James A.},
 title = {History Slicing: Assisting Code-evolution Tasks},
 booktitle = {Proceedings of the ACM SIGSOFT 20th International Symposium on the Foundations of Software Engineering},
 series = {FSE '12},
 year = {2012},
 isbn = {978-1-4503-1614-9},
 location = {Cary, North Carolina},
 pages = {43:1--43:11},
 articleno = {43},
 numpages = {11},
 url = {http://doi.acm.org/10.1145/2393596.2393646},
 doi = {10.1145/2393596.2393646},
 acmid = {2393646},
 publisher = {ACM},
 address = {New York, NY, USA},
 keywords = {mining software repositories, program comprehension, software evolution, software visualization},
}

% Exported from IEEE Xplore
@INPROCEEDINGS{Servant1,
author={Servant, F.},
booktitle={Automated Software Engineering (ASE), 2013 IEEE/ACM 28th International Conference on},
title={Supporting bug investigation using history analysis},
year={2013},
month={Nov},
pages={754-757},
keywords={program debugging;program diagnostics;automated technique;bug investigation support;bug-fixing process;history analysis;source code;Computer bugs;Conferences;Debugging;History;Software;Software engineering;Visualization},
doi={10.1109/ASE.2013.6693150},}


% Exported from Diva Project
@misc{Carlsson638844,
   author = {Carlsson, Emil},
   institution = {Linnaeus University, Department of Computer Science},
   pages = {28},
   school = {Linnaeus University, Department of Computer Science},
   title = {Mining Git Repositories : An introduction to repository mining},
   year = {2013},
   note = {Linnaeus University, Department of Computer Science. Degree of Bachelor.}
}

% Reference exported from ACM
@article{D'Ambros:2012:EDP:2318097.2318149,
 author = {D'Ambros, Marco and Lanza, Michele and Robbes, Romain},
 title = {Evaluating Defect Prediction Approaches: A Benchmark and an Extensive Comparison},
 journal = {Empirical Softw. Engg.},
 issue_date = {August    2012},
 volume = {17},
 number = {4-5},
 month = aug,
 year = {2012},
 issn = {1382-3256},
 pages = {531--577},
 numpages = {47},
 url = {http://dx.doi.org/10.1007/s10664-011-9173-9},
 doi = {10.1007/s10664-011-9173-9},
 acmid = {2318149},
 publisher = {Kluwer Academic Publishers},
 address = {Hingham, MA, USA},
 keywords = {Change metrics, Defect prediction, Source code metrics},
}

% Reference exported from ACM
@inproceedings{Zimmermann:2007:PDE:1268984.1269057,
 author = {Zimmermann, Thomas and Premraj, Rahul and Zeller, Andreas},
 title = {Predicting Defects for Eclipse},
 booktitle = {Proceedings of the Third International Workshop on Predictor Models in Software Engineering},
 series = {PROMISE '07},
 year = {2007},
 isbn = {0-7695-2954-2},
 pages = {9--},
 url = {http://dx.doi.org/10.1109/PROMISE.2007.10},
 doi = {10.1109/PROMISE.2007.10},
 acmid = {1269057},
 publisher = {IEEE Computer Society},
 address = {Washington, DC, USA},
}

% Exported from IEEExplore
@ARTICLE{295895,
    author={Chidamber, S.R. and Kemerer, C.F.},
    journal={Software Engineering, IEEE Transactions on},
    title={A metrics suite for object oriented design},
    year={1994},
    month={Jun},
    volume={20},
    number={6},
    pages={476-493},
    doi={10.1109/32.295895},
    ISSN={0098-5589}
}
% Exported from IEEExplore
@INPROCEEDINGS{6693085,
author={Campos, J. and Abreu, R. and Fraser, G. and d'Amorim, M.},
booktitle={Automated Software Engineering (ASE), 2013 IEEE/ACM 28th International Conference on},
title={Entropy-based test generation for improved fault localization},
year={2013},
month={Nov},
pages={257-267},
keywords={belief networks;entropy;inference mechanisms;probability;program diagnostics;program testing;software fault tolerance;ENTBUG prototype;EVOSUITE;diagnostic quality;diagnostic ranking;entropy;entropy-based test generation;fitness function;improved fault localization;passing-failing test cases;probability theory concepts;search-based test generation tool;spectrum-based Bayesian reasoning;test case generation;test suite;Cognition;Debugging;Entropy;Genetic algorithms;Sociology;Statistics;Uncertainty;Fault localization;Test case generation},
doi={10.1109/ASE.2013.6693085},}

% Exported from ACM
@inproceedings{Moser:2008:CAE:1368088.1368114,
 author = {Moser, Raimund and Pedrycz, Witold and Succi, Giancarlo},
 title = {A Comparative Analysis of the Efficiency of Change Metrics and Static Code Attributes for Defect Prediction},
 booktitle = {Proceedings of the 30th International Conference on Software Engineering},
 series = {ICSE '08},
 year = {2008},
 isbn = {978-1-60558-079-1},
 location = {Leipzig, Germany},
 pages = {181--190},
 numpages = {10},
 url = {http://doi.acm.org/10.1145/1368088.1368114},
 doi = {10.1145/1368088.1368114},
 acmid = {1368114},
 publisher = {ACM},
 address = {New York, NY, USA},
 keywords = {cost-sensitive classification, defect prediction, software metrics},
}

% Exported from IEEExplore
@ARTICLE{859533,
author={Graves, T.L. and Karr, A.F. and Marron, J.S. and Siy, H.},
journal={Software Engineering, IEEE Transactions on},
title={Predicting fault incidence using software change history},
year={2000},
month={Jul},
volume={26},
number={7},
pages={653-661},
keywords={management of change;software fault tolerance;software maintenance;software metrics;change history;change management data;code decay;fault incidence;fault potential;metrics;software change history;statistical analysis;Aging;Degradation;History;Length measurement;Predictive models;Software development management;Software measurement;Software systems;Statistical analysis;Time measurement},
doi={10.1109/32.859533},
ISSN={0098-5589},}

% Exported from Moskito publications
@techreport{herzig-tr-2012,
 title = "It's not a Bug, it's a Feature: How Misclassification Impacts Bug Prediction",
 author = "Kim Herzig and Sascha Just and Andreas Zeller",
 year = "2012",
 month = "August",
 institution = "Universität des Saarlandes, Saarbrücken, Germany"
}

% Exported from ACM
@inproceedings{Abreu:2009:SMF:1747491.1747511,
 author = {Abreu, Rui and Zoeteweij, Peter and Gemund, Arjan J. C.  van},
 title = {Spectrum-Based Multiple Fault Localization},
 booktitle = {Proceedings of the 2009 IEEE/ACM International Conference on Automated Software Engineering},
 series = {ASE '09},
 year = {2009},
 isbn = {978-0-7695-3891-4},
 pages = {88--99},
 numpages = {12},
 url = {http://dx.doi.org/10.1109/ASE.2009.25},
 doi = {10.1109/ASE.2009.25},
 acmid = {1747511},
 publisher = {IEEE Computer Society},
 address = {Washington, DC, USA},
 keywords = {Software fault diagnosis, program spectra, statistical and reasoning approaches},
}

% Exported from CiteSeerX
@MISC{Wong09asurvey,
    author = {W. Eric Wong and Vidroha Debroy},
    title = {A Survey of Software Fault Localization},
    year = {2009},
    note = {Technical report}
}

% Exported from http://jose.github.io/publications/ase2012/
@inproceedings{Campos:2012:GEP:2351676.2351752,
  author = {Campos, Jos{\'e} and Riboira, Andr{\'e} and Perez, Alexandre and Abreu, Rui},
  title = {{GZoltar: an Eclipse plug-in for Testing and Debugging}},
  booktitle = {Proceedings of the 27th IEEE/ACM International Conference on
  Automated Software Engineering},
  series = {ASE 2012},
  year = {2012},
  isbn = {978-1-4503-1204-2},
  location = {Essen, Germany},
  pages = {378--381},
  numpages = {4},
  url = {http://doi.acm.org/10.1145/2351676.2351752},
  doi = {10.1145/2351676.2351752},
  acmid = {2351752},
  publisher = {ACM},
  address = {New York, NY, USA},
  keywords = {Automatic Debugging, Automatic Testing, Eclipse plug-in, GZoltar, RZoltar},
}

% Exported from http://spideruci.org/fault-localization/
@inproceedings{ jones05,
author = "James A. Jones and Mary Jean Harrold",
title = "Empirical Evaluation of the Tarantula Automatic Fault-Localization Technique",
booktitle = "Proceedings of the 20th IEEE/ACM International Conference on Automated Software Engineering (ASE)",
year = "2005",
month = "November",
pages = "273--282",
}

% Exported from IEEExplore
@ARTICLE{815326,
author={Fenton, N.E. and Neil, M.},
journal={Software Engineering, IEEE Transactions on},
title={A critique of software defect prediction models},
year={1999},
month={Sep},
volume={25},
number={5},
pages={675-689},
keywords={belief networks;program testing;software maintenance;software metrics;software quality;software reliability;Bayesian belief networks;holistic models;literature review;multivariate approach;software decomposition;software defect prediction models;software engineering;software maintenance;software metrics;software quality;statistical models;Bayesian methods;Computer Society;Predictive models;Process design;Software maintenance;Software metrics;Software quality;Software systems;Software testing;System testing},
doi={10.1109/32.815326},
ISSN={0098-5589},}

% Created manually
@techreport{isoiec25010:2011,
 author = {ISO},
 Institution = {International Organization for Standardization},
 address = {Geneva, Switzerland},
 Title = {Systems and software engineering -- Systems and software Quality Requirements and Evaluation (SQuaRE) -- System and software quality models},
 number = {ISO/IEC 25010:2011},
 Type = {ISO},
 Year = {2011}
 }
